2154 3429
497 150 664 196 quisquis

163 258 405 304 quisquilias
430 258 558 303 paleas
577 257 842 292 minutissimas
857 255 905 290 lV
922 260 1000 299 277,

161 312 216 343 22.
254 307 381 352 paleas
406 305 672 339 minutissimas
692 305 753 338 uel
780 303 915 338 surculi
934 303 1001 337 mi-

160 354 242 388 nuti
273 354 372 398 quod
410 353 583 396 faluppas
622 354 757 386 uocant
794 351 825 385 V
852 355 930 392 525,
958 355 1000 383 32

159 401 342 446 (stupulas
380 400 583 445 Landqraf
602 400 709 434 Arch.
745 399 795 432 IX
820 402 887 432 416
925 397 1001 432 coll.

158 450 249 483 Isid.
277 447 377 482 XVII
405 452 435 481 6.
463 450 523 481 28:
563 451 600 481 at
630 448 674 489 ef.
702 447 810 481 Arch.
842 445 892 479 IX
918 448 1003 487 5783

159 496 192 530 X
202 498 294 540 517).
320 493 484 529 surculos
499 493 660 528 minutos
674 493 734 528 uel
746 493 874 537 paleas
886 491 1003 526 cuius-

161 553 317 586 cumque
336 540 535 587 leguminis
555 541 586 573 V
603 545 680 583 636,
697 545 751 574 31.
801 539 928 584 paleas
944 538 1005 572 uel

160 590 320 624 crientas
356 592 400 633 (v.
427 589 617 633 Ducanye)
645 587 695 621 IV
720 592 799 631 559,
826 592 880 621 55.
930 585 1005 619 fru-

160 639 368 671 mentorum
416 637 702 680 purgamentum
750 633 800 667 IV
843 637 922 677 384,
951 637 1003 667 16.

159 685 407 728 purgamenta
440 683 542 729 (de)
578 681 777 716 corticibus
814 692 1007 725 pomorum

160 744 183 766 α
197 743 216 766 6
230 735 312 775 post
324 730 373 764 IV
391 733 469 773 158,
486 734 545 772 29,
561 734 640 773 559,
655 733 710 764 54.
760 730 1007 773 purgamenta

162 779 207 813 de
228 776 506 812 summitatibus
527 776 798 820 corticibusque
814 786 1007 820 pomorum

159 825 193 859 V
233 828 320 868 636,
346 828 390 858 32
435 823 697 868 (quisquirias).
772 825 932 857 stercora
975 820 1008 855 V

161 876 241 916 386,
269 876 324 906 22.
380 873 628 916 purgamenta
671 870 750 905 siue
793 871 1009 914 tegumenta

163 920 209 953 de
228 918 504 953 summitatibus
525 917 797 961 corticibusque
817 928 1008 961 pomorum

160 966 193 1000 V
221 970 299 1010 238,
325 970 381 1000 21.
431 964 675 1009 quisquilias
700 966 766 1009 (vel
791 963 1008 1008 quisquilia>

162 1016 324 1048 stercora
349 1012 410 1047 061
437 1012 738 1059 <in>munditias
776 1011 805 1045 V
845 1015 924 1053 327,
954 1014 1006 1044 18.

164 1060 388 1104 quisquilia
413 1059 638 1093 inmunditia
664 1059 861 1093 herbarum
880 1057 1006 1101 V416,

163 1113 207 1142 34
223 1108 278 1154 (de
293 1108 425 1142 verbor.
440 1108 588 1150 interpr.
599 1124 643 1135 Ξ
655 1107 803 1141 Hieron.
819 1107 859 1139 in
875 1105 923 1139 M
922 1106 1007 1139 atth.

165 1160 218 1199 13,
245 1160 300 1190 45.
329 1157 399 1198 46).
450 1153 694 1197 quisquiliae
730 1153 909 1198 aegrihan
944 1153 1010 1196 (vel

163 1202 326 1244 aehrian,
352 1207 542 1245 utrumque
575 1212 643 1245 pro
677 1211 832 1246 aeg-nan,
857 1200 946 1243 AS.)
977 1199 1009 1232 V

163 1253 243 1293 385,
269 1253 326 1292 48,
382 1249 422 1283 V.
450 1247 634 1282 uesciliae.
687 1248 741 1290 Cf.
768 1248 823 1282 W.
843 1247 1010 1281 Heraeus

165 1297 262 1342 ‘Spr.
288 1297 350 1330 des
374 1295 485 1331 Petr.’
515 1299 569 1329 43.

213 1342 401 1391 Quisquis
440 1342 536 1382 ὅστις
562 1343 608 1376 ἄν
646 1342 678 1376 II
705 1345 782 1385 388,
810 1346 863 1378 22.
916 1340 1011 1380 ’ὅστις

165 1390 301 1435 δήποτε
315 1390 348 1425 11
363 1393 441 1433 388,
457 1394 512 1424 23.
563 1388 601 1429 ὃς
615 1389 661 1423 ἄν
676 1389 708 1423 H
723 1393 800 1432 387,
817 1393 871 1423 50.
915 1388 1011 1427 ὅστις

165 1439 223 1480 ἄν,
250 1437 347 1478 ὅστις
373 1436 438 1471 οὖν
458 1437 491 1470 Π
513 1440 590 1479 167,
613 1441 667 1471 50.
718 1436 941 1480 quicumque
960 1435 1011 1469 IV

167 1489 246 1529 559,
262 1489 316 1519 26.
367 1484 466 1530 [quis
487 1483 622 1527 quibus
648 1496 676 1518 v.
700 1484 799 1529 quis]
827 1483 1011 1526 quisquis

165 1532 387 1577 quicumque
400 1531 450 1565 lV
468 1535 544 1574 158,
562 1535 615 1566 27.
665 1531 860 1574 quidquid
883 1532 948 1564 εἴτι
963 1530 1011 1563 III

168 1586 246 1621 141,
261 1584 314 1614 50.
367 1592 433 1614 ειτι
448 1577 484 1612 ὀ’
502 1579 547 1612 ἄν
570 1579 654 1623 (δᾶν
670 1579 818 1621 Buech.)
843 1579 870 1611 ΙΙ
886 1582 964 1621 288,
980 1582 1011 1611 2

169 1630 237 1662 εἴτι
263 1627 398 1670 δήποτε
425 1626 458 1660 Π
478 1629 557 1668 288,
579 1630 610 1662 3.
661 1627 701 1660 et
727 1625 922 1669 quidquid
950 1626 1012 1658 καὶ

170 1688 238 1709 ειτι
259 1673 294 1709 δ’
312 1674 358 1708 ἄν
383 1673 417 1707 Π
437 1677 515 1716 335,
538 1677 592 1707 57.
642 1674 705 1707 καὶ
733 1676 800 1707 ein
825 1672 961 1715 δήποτε
982 1671 1014 1705 II

172 1726 252 1766 335,
273 1724 327 1756 58.
379 1720 531 1764 quidsit
556 1720 751 1765 (quidquid
778 1722 807 1764 e)
835 1719 889 1754 ὅτι
914 1719 1013 1758 ποτέ,

173 1768 228 1804 ὅτι
254 1769 300 1803 ἄν
326 1768 359 1802 ll
386 1771 465 1811 167,
488 1772 539 1801 19.
591 1767 803 1811 quodquod
829 1767 884 1802 ὅτι
910 1767 956 1801 ἄν
982 1766 1014 1800 II

171 1820 251 1860 388,
266 1820 322 1850 45.
374 1814 462 1858 ’ὅπερ
490 1815 536 1848 ἄν
556 1815 684 1857 11385,
701 1819 730 1848 7.
782 1813 1014 1849 cuiuscuius

169 1861 315 1906 ἧστινος
341 1862 387 1896 ἄν
413 1862 446 1896 Π
473 1866 552 1905 325,
579 1866 633 1896 54.
686 1861 819 1896 euicui
845 1857 941 1907 ᾗτινι
968 1860 1014 1894 ἄν

170 1911 201 1945 lI
237 1915 316 1953 325,
344 1914 398 1944 62.
472 1905 568 1955 ᾗτινι
607 1908 742 1951 δήποτε
782 1909 814 1942 Π
853 1913 931 1952 325,
959 1912 1014 1943 63.

170 1966 405 2002 quemquem
448 1957 531 1990 τινὰ
571 1955 707 1999 δήποτε
746 1956 946 1998 ἀρσενικῶς
983 1955 1015 1988 II

170 2009 296 2049 456,6.
347 2015 614 2048 quemcumque
628 2003 677 2037 IV
694 2007 770 2045 157,
786 2007 840 2037 33.
879 2012 1014 2046 quam-

172 2062 290 2097 quam
327 2052 410 2085 τινὰ
436 2052 572 2093 δήποτε
611 2053 782 2094 θηλυκῶς
819 2050 851 2083 II
877 2054 956 2093 456,
984 2053 1014 2083 8.

174 2110 196 2134 a
217 2108 376 2144 quoquo
397 2097 467 2142 ἀφ’
486 2096 599 2141 οὗπερ
620 2098 666 2132 ἄν
686 2098 719 2131 ΙΙ
740 2101 818 2136 253,
839 2101 894 2131 49.
944 2095 1013 2139 ἀφ’

174 2145 216 2182 οὗ
244 2147 290 2180 ἄν
316 2146 350 2180 lI
376 2149 455 2188 253,
475 2149 529 2179 47.
582 2144 655 2179 ἀπό
682 2158 779 2184 τινος
805 2144 837 2178 H
863 2149 940 2186 241,
962 2148 1004 2177 32

176 2203 335 2238 quaqua
351 2194 466 2239 oi'qa(‘?)
480 2194 615 2235 δήποτε
634 2192 663 2225 11
681 2196 760 2234 381,
776 2196 829 2225 24.
881 2201 902 2226 a
921 2201 1015 2234 qua-

173 2251 253 2285 qua
278 2239 347 2284 ἀφ’
372 2237 413 2282 ἧς
440 2240 486 2274 ἄν
511 2240 544 2273 Π
571 2243 650 2283 253,
676 2243 706 2273 6.
759 2238 827 2282 ἀφ’
854 2235 894 2281 ἧς
919 2252 1017 2277 τινος

175 2289 311 2330 δήποτε
350 2288 382 2321 H
421 2291 500 2331 253,
526 2290 557 2322 8.
608 2286 752 2330 quiqui
797 2288 928 2325 υἷ’τινες
972 2286 1017 2319 ἄν

178 2336 210 2370 Π
243 2340 321 2378 381,
349 2339 402 2370 21.
454 2336 586 2374 οἵτινες
624 2333 758 2377 δήποτε
799 2333 830 2367 ΙΙ
857 2337 935 2375 381,
963 2337 1016 2366 22.

177 2391 382 2426 quaequae
409 2383 545 2421 αἵτινες
570 2382 617 2416 ἄν
638 2381 762 2423 11221,
778 2385 830 2414 23.
883 2382 1018 2418 αἵτινες

177 2430 312 2474 δήποτε
340 2430 471 2471 11221,
493 2433 547 2464 24.
599 2437 941 2471 quorumquorum
969 2425 1018 2460 ὧν

176 2491 285 2512 τινων
330 2476 376 2510 ἄν
422 2477 452 2510 11
488 2479 569 2519 482,
597 2480 650 2510 19.
724 2474 1020 2518 quibusquibus

179 2526 330 2559 οῖ’στισιν
357 2523 403 2557 ἄν
429 2523 461 2557 II
488 2527 566 2567 381,
589 2527 642 2557 16.
693 2532 894 2566 quasquus
921 2521 1019 2555 ἅστι-

179 2585 245 2611 νας
271 2571 317 2605 ἄν
354 2570 387 2604 Π
414 2574 492 2612 248,
519 2575 574 2605 41.
626 2570 776 2608 ἅστινας
815 2569 949 2610 δήποτε
990 2568 1020 2601 H

179 2622 258 2661 248,
279 2622 333 2652 42.
385 2627 408 2652 a
434 2617 729 2660 quibusquibus
750 2614 819 2659 ἀφ’
838 2614 887 2649 ὧν
910 2628 1020 2649 τινων

179 2667 313 2709 δήποτε
352 2665 384 2698 II
421 2669 580 2709 254,16.
639 2665 677 2698 V.
712 2663 945 2707 quicumque,
985 2664 1021 2695 et

179 2712 372 2757 quidquid.

229 2759 418 2807 Quisquis
462 2769 504 2793 es
542 2758 763 2802 quicumque
802 2768 840 2791 es
878 2756 909 2789 V
945 2760 1021 2798 140,

182 2812 224 2841 55
251 2807 371 2852 (Very.
399 2808 488 2840 Aen.
516 2806 530 2839 I
557 2810 640 2848 387,
668 2806 698 2838 II
728 2808 839 2847 14822).

229 2853 305 2901 Qui
336 2854 429 2888 sunt
457 2852 552 2892 τίνες
584 2853 676 2887 εἰσίν
706 2852 737 2885 II
767 2855 843 2894 167,
871 2855 924 2884 51.
986 2850 1022 2884 Γ.

183 2901 289 2943 Quod
314 2903 381 2942 est,
408 2900 471 2944 qui
497 2902 562 2934 est.

230 2947 327 2995 Quis
353 2947 496 2982 uideor
521 2946 641 2990 qualis
668 2944 858 2979 1111160111Υ
878 2949 953 2986 1514,
969 2947 1023 2977 46.

185 2996 238 3039 Cf.
267 2995 363 3029 Serv.
390 2996 429 3028 in
454 2996 544 3029 Aen.
571 2995 585 3027 Ι
612 2998 695 3036 615,
724 2992 771 3026 IV
801 2996 853 3025 19.

231 3041 393 3091 Quitum
419 3053 448 3075 v.
476 3053 549 3075 non
576 3053 635 3085 qu.

232 3089 445 3136 Quitradas
470 3100 500 3123 v.
528 3087 758 3122 batrachion.

257 3154 343 3186 Corp.
363 3155 453 3185 gloss.
473 3154 527 3178 lat.
545 3156 614 3178 tom.
648 3153 714 3177 vn.

1832 144 1910 187 177

1121 254 1248 303 Quiue
1263 256 1414 301 (Cybela
1423 258 1451 302 ‘.>)
1464 267 1568 290 mons
1583 254 1713 289 Troiae
1729 253 1758 287 V
1770 258 1913 297 478,12.

1122 303 1197 351 Qui
1222 313 1320 338 uero
1348 303 1385 343 ὃς
1412 304 1448 338 δ’
1478 304 1524 338 ἄν
1550 304 1582 336 11
1608 306 1686 346 388,
1714 306 1744 336 2.

1122 350 1204 398 Quo
1232 350 1325 385 ὅπου
1351 351 1383 384 ΙΙ
1409 354 1487 393 385,
1516 354 1569 384 63.
1621 349 1667 384 ad
1699 359 1809 393 quam
1840 359 1916 382 rem

1075 397 1123 431 IV
1150 402 1230 439 461,
1258 402 1301 431 10
1327 398 1374 442 (ρῖ
1415 398 1540 442 Ver9.).
1591 397 1655 431 ubi
1680 396 1729 430 IV
1757 400 1833 438 159,
1855 399 1917 436 39,

1075 444 1108 477 V
1130 448 1207 486 140,
1225 448 1279 478 62.
1329 444 1404 487 ubi,
1432 444 1539 487 unde,
1566 443 1747 488 quomodo
1767 443 1817 477 IV
1839 446 1916 485 159,

1078 496 1138 531 31,
1165 491 1196 522 V
1223 494 1302 532 478,
1324 495 1378 525 23.
1429 491 1599 534 qualiter,
1626 501 1786 534 quarnus
1813 494 1917 533 (qua—

1077 540 1237 582 munst»,
1264 541 1305 571 ut
1324 537 1356 570 V
1377 542 1456 579 327,
1477 543 1531 572 25.
1582 539 1671 572 Alta
1692 550 1719 572 v.
1741 538 1804 572 sub
1824 536 1916 580 quis.

1125 583 1260 632 Quoad
1286 584 1473 628 quamdiu,
1501 586 1566 624 ἕως
1592 587 1688 624 τίνος
1713 585 1745 617 II
1773 588 1850 627 167,
1875 587 1918 617 54

1079 632 1183 678 (Hor.
1211 636 1277 666 Sat.
1305 631 1336 664 11
1362 635 1394 673 3,
1422 634 1512 675 912).

1126 677 1261 726 Quoad
1293 688 1418 721 usque
1457 677 1579 722 μέχρις
1617 676 1659 712 οὗ
1697 678 1728 711 11
1756 682 1834 721 370,
1862 680 1917 711 34.

1079 726 1146 765 ἕως
1171 724 1213 760 οὗ
1239 725 1273 759 H
1299 729 1377 768 321,
1404 729 1458 759 54.

1127 772 1211 820 Quo
1237 772 1324 815 agis
1355 784 1427 816 quo
1465 772 1572 806 uadis
1610 772 1658 805 IV
1686 776 1763 815 159,
1789 776 1832 805 36
1860 772 1919 814 (cf.

1084 822 1160 855 Ter.
1186 821 1303 855 Andr.
1332 822 1423 863 708).

1128 866 1325 915 Quocirca
1351 867 1408 900 διό
1435 866 1467 900 Π
1493 870 1571 909 278,
1598 870 1630 900 4,
1682 864 1732 899 δι’
1762 865 1851 908 ὅπερ
1890 865 1921 898 11

1080 919 1159 958 278,
1181 918 1235 949 23.
1286 925 1352 959 pro
1372 913 1509 948 idcirco
1529 913 1691 958 ponitur,
1712 912 1751 945 id
1772 914 1827 946 est
1849 923 1922 955 qua

1081 963 1126 996 de
1152 973 1200 1006 re,
1228 963 1270 995 ut
1296 961 1326 995 si
1353 960 1455 995 dicas
1481 960 1612 994 iudici:
1639 959 1702 993 ille
1729 959 1819 992 mihi
1846 970 1923 992 rem

1081 1009 1170 1043 iuris
1205 1008 1277 1043 mei
1320 1007 1486 1042 indebite
1530 1006 1711 1052 peruasit:
1756 1005 1922 1048 60006111,

1082 1057 1160 1091 sine
1192 1056 1258 1090 lite
1290 1067 1364 1090 non
1401 1055 1542 1090 reddit:
1581 1054 1764 1098 quocirca,
1802 1053 1923 1094 iudeX,

1080 1106 1121 1138 tu
1147 1103 1239 1137 mihi
1274 1114 1356 1138 eam
1392 1102 1537 1136 iustitia
1562 1103 1628 1135 tua
1664 1100 1811 1134 restitui
1837 1100 1923 1133 iube

1082 1152 1182 1185 Plae.
1221 1150 1253 1183 V
1291 1154 1347 1192 96,
1374 1154 1393 1184 5
1414 1168 1457 1179 =
1478 1149 1509 1182 V
1539 1153 1621 1192 140,
1649 1153 1702 1183 69.
1776 1149 1926 1191 propter

1082 1209 1188 1242 quae,
1213 1200 1410 1242 propterea
1436 1196 1484 1231 IV
1510 1201 1589 1238 461,
1618 1201 1658 1229 11
1687 1196 1807 1240 (Vei-9.
1834 1196 1924 1228 Aen.

1081 1246 1097 1279 1
1124 1248 1216 1289 673).
1267 1247 1493 1288 quapropter
1530 1243 1578 1277 IV
1617 1247 1696 1286 277,
1722 1246 1777 1276 39.
1837 1252 1925 1284 qua-

1082 1295 1244 1337 propter,
1270 1303 1343 1335 qua
1370 1303 1407 1326 re
1433 1291 1464 1324 V
1491 1295 1570 1332 478,
1600 1295 1651 1324 15.
1703 1292 1927 1333 quapropter

1084 1344 1148 1374 aut
1185 1351 1251 1383 pro
1289 1350 1363 1383 qua
1392 1350 1429 1372 re
1470 1338 1529 1372 uel
1568 1338 1651 1372 ideo
1689 1336 1738 1370 IV
1765 1341 1842 1379 559,
1871 1340 1924 1370 59.

1082 1399 1147 1432 pro
1175 1398 1248 1430 qua
1272 1397 1310 1420 re
1337 1385 1397 1420 061
1422 1386 1505 1420 ideo
1532 1384 1580 1418 IV
1609 1388 1686 1427 159,
1708 1388 1767 1425 203
1794 1382 1826 1416 V
1848 1387 1925 1425 140,

1085 1439 1145 1472 61:
1173 1438 1252 1477 478,
1282 1438 1334 1467 16.
1386 1444 1460 1476 qua
1492 1433 1537 1466 de
1570 1443 1679 1466 causa
1708 1431 1738 1463 Y
1767 1434 1843 1473 140,
1873 1434 1925 1465 57.

1132 1480 1385 1529 Quocumque
1413 1480 1505 1515 ὅπου
1533 1479 1668 1522 δήποτε
1701 1479 1733 1511 11
1762 1482 1839 1520 167,
1866 1482 1926 1519 55,

1085 1533 1164 1572 385,
1192 1533 1245 1563 65.
1297 1540 1471 1571 quorsum
1504 1526 1561 1561 uel
1591 1526 1720 1571 (qua)
1746 1525 1784 1558 in
1822 1527 1927 1569 parte

1085 1576 1131 1609 IV
1160 1581 1238 1617 384,
1268 1579 1319 1609 17.
1379 1576 1416 1609 1'.
1443 1575 1508 1608 sub
1534 1574 1764 1618 quicumque.

1134 1622 1388 1670 Quocumque
1427 1622 1541 1656 modo
1580 1617 1605 1665 ᾧ
1633 1621 1768 1661 (δήποτε
1807 1618 1927 1662 τρόπῳ

1085 1671 1135 1705 ΠΙ
1163 1675 1240 1714 151,
1268 1675 1320 1704 53.
1373 1668 1586 1714 gihuuuelci
1613 1678 1757 1712 uuaega
1784 1668 1849 1711 (cel
1874 1666 1928 1711 gi-

1086 1717 1209 1752 huelci
1236 1717 1358 1762 uuegi,
1389 1716 1472 1755 AS.)
1498 1715 1529 1749 V
1556 1720 1636 1757 385,
1662 1719 1716 1749 50.

1135 1764 1245 1812 (211011
1273 1763 1400 1807 ἐπὲιδή
1434 1764 1465 1797 Π
1492 1767 1572 1806 306,
1600 1767 1654 1796 27.
1705 1760 1759 1797 ὅτι
1784 1761 1823 1794 11
1850 1765 1927 1803 388,

1087 1816 1141 1847 44,
1181 1812 1328 1855 quando
1354 1811 1386 1844 V
1414 1815 1491 1854 141,
1520 1815 1548 1844 1.
1608 1811 1645 1844 V.
1672 1809 1832 1853 quidam.

1135 1858 1426 1906 Quodammodo
1454 1858 1524 1891 τινὶ
1550 1857 1671 1902 τρόπῳ
1703 1856 1734 1889 11
1764 1860 1845 1898 167,
1873 1859 1927 1889 58.

1087 1907 1248 1951 quadam
1281 1905 1423 1940 ratione
1454 1904 1504 1938 IV
1533 1908 1608 1947 159,
1636 1908 1696 1945 22,
1729 1908 1807 1946 560,
1834 1907 1871 1945 4,
1898 1902 1929 1935 V

1090 1958 1167 1995 140,
1194 1958 1247 1987 64.

1169 2000 1245 2034 uod
1273 2010 1359 2034 cum
1388 1998 1476 2043 ὅπερ
1505 1997 1629 2042 μέντοι
1655 1997 1687 2031 II
1715 2000 1792 2039 168,
1819 2001 1850 2031 4,

1170 2047 1247 2082 uod
1273 2048 1334 2082 est
1360 2047 1399 2080 τὸ
1421 2046 1615 2089 (11111457,
1639 2049 1691 2079 16.
1742 2045 1781 2078 τὸ
1808 2044 1861 2085 ὄν,
1888 2043 1928 2077 τὸ

1090 2097 1255 2139 Ἰὑπαρχον
1281 2095 1313 2127 11
1330 2098 1407 2137 167,
1423 2098 1477 2127 59.
1535 2093 1574 2127 1'.
1587 2091 1649 2136 qui
1664 2094 1729 2135 est,
1750 2091 1813 2135 qui
1834 2093 1930 2125 sunt.

1138 2141 1298 2188 Quodne
1324 2143 1362 2175 τί
1384 2141 1456 2184 ἄρα
1482 2140 1514 2174 Il
1540 2144 1619 2182 455,
1647 2143 1700 2172 23.

1139 2188 1293 2237 Quodni
1319 2188 1408 2231 quid
1435 2187 1584 2232 (quod·?)
1610 2186 1680 2220 nisi
1706 2185 1755 2219 IV
1777 2189 1854 2227 159,
1875 2190 1930 2218 21.

1090 2237 1187 2281 quod
1214 2235 1286 2270 nisi
1312 2235 1361 2269 IV
1389 2239 1466 2277 560,
1495 2239 1531 2276 1,
1560 2234 1589 2267 V
1617 2238 1695 2276 238,
1723 2237 1777 2267 22.

1139 2283 1286 2330 Quodsi
1325 2282 1359 2317 εἰ
1383 2281 1424 2316 δέ
1461 2282 1493 2315 11
1522 2286 1599 2323 168,
1626 2286 1656 2314 2.
1708 2280 1796 2322 (3an
1832 2279 1866 2313 εἰ
1901 2279 1932 2313 11

1091 2334 1170 2373 385,
1198 2336 1228 2364 9.
1281 2329 1314 2364 εἰ
1338 2329 1386 2374 μή
1412 2329 1444 2362 II
1470 2333 1549 2372 286,
1576 2332 1595 2362 8
1622 2327 1767 2372 (quodsi
1794 2338 1866 2360 11011
1892 2328 1931 2369 ef).

1094 2379 1146 2420 (If.
1175 2376 1319 2420 quosin
1345 2376 1401 2410 sin
1428 2376 1458 2409 V
1485 2380 1563 2420 545,
1593 2380 1632 2409 11
1661 2375 1771 2418 (quod
1800 2374 1902 2417 si11‘?).

1139 2424 1286 2472 Quodsi
1325 2423 1527 2458 mentirim
1575 2422 1705 2466 quodsi
1756 2422 1933 2454 mentitus

1093 2472 1223 2505 fuerim
1251 2471 1281 2504 V
1308 2475 1386 2515 478,
1416 2475 1477 2513 17,
1504 2474 1583 2512 512,
1613 2474 1664 2504 11.

1140 2518 1250 2566 Quod
1278 2529 1363 2552 sum
1390 2518 1572 2552 dicturus
1593 2516 1633 2550 in
1655 2515 1770 2550 brcui
1801 2525 1933 2549 coram

1094 2566 1123 2599 V
1152 2570 1229 2608 664,
1258 2570 1288 2600 6.

1142 2613 1251 2660 Quod
1278 2614 1317 2647 te
1344 2615 1494 2656 propter
1519 2611 1617 2655 quod
1644 2614 1679 2645 te
1712 2610 1759 2643 IV
1785 2614 1863 2652 461,
1893 2614 1934 2642 13

1093 2661 1214 2705 (Very.
1242 2661 1332 2695 Aen.
1360 2659 1390 2693 11
1420 2662 1509 2693 141‘».

1141 2706 1224 2754 (2110
1246 2707 1406 2741 foedere
1426 2708 1515 2753 ποίᾳ
1538 2704 1706 2750 συνθήκῃ
1730 2704 1759 2737 II
1780 2708 1859 2747 411,
1883 2708 1934 2737 13.

1142 2754 1225 2801 Quo
1253 2754 1340 2788 iure
1366 2765 1438 2797 quo
1465 2753 1591 2787 ordine
1613 2752 1659 2785 lv
1684 2756 1760 2794 159,
1783 2757 1836 2786 28.
1883 2751 1935 2792 Cf.

1099 2802 1176 2836 Ter.
1205 2803 1321 2836 Andr.
1349 2805 1427 2834 214.

1143 2848 1226 2896 Quo
1253 2848 1443 2882 libamine
1482 2858 1555 2890 qua.
1594 2845 1764 2879 unctione
1800 2844 1830 2876 V
1857 2847 1937 2884 478,

1099 2900 1158 2937 18;
1185 2900 1263 2938 556,
1292 2900 1346 2929 43.
1397 2906 1470 2937 qua
1497 2893 1679 2934 unctione,
1707 2903 1780 2934 qua
1806 2890 1937 2924 maies-

1097 2946 1175 2977 tate
1200 2942 1229 2975 V
1246 2947 1324 2985 512,
1342 2946 1382 2976 12
1409 2946 1572 2976 (tontum.
1600 2952 1672 2982 quo
1700 2937 1864 2972 numine:
1892 2938 1936 2980 cf.

1104 2990 1203 3035 Very.
1232 2991 1322 3024 Aen.
1349 2990 1363 3022 Ι
1390 2994 1434 3033 8).

1147 3036 1230 3084 Quo
1265 3036 1459 3071 libentius
1497 3044 1725 3078 quocumque
1764 3031 1940 3066 libentius

1101 3084 1148 3118 lv
1174 3088 1254 3126 421,
1282 3088 1335 3118 26.

1351 160 1423 194 quo
1448 146 1626 184 libentius

1618 3143 1658 3173 12
