<?xml version="1.0" encoding="UTF-8"?>
<!DOCTYPE html PUBLIC "-//W3C//DTD XHTML 1.0 Transitional//EN"
    "http://www.w3.org/TR/xhtml1/DTD/xhtml1-transitional.dtd">
<html xmlns="http://www.w3.org/1999/xhtml" xml:lang="en" lang="en">
 <head>
  <title>
</title>
<meta http-equiv="Content-Type" content="text/html;charset=utf-8" />
  <meta name='ocr-system' content='tesseract 3.04.00' />
  <meta name='ocr-capabilities' content='ocr_page ocr_carea ocr_par ocr_line ocrx_word'/>
</head>
<body>
  <div class='ocr_page' id='page_1' title='image "./corpusglossarior07linduoft/corpusglossarior07linduoft_0704.png"; bbox 0 0 2154 3429; ppageno 0'>
   <div class='ocr_carea' id='block_1_1' title="bbox 182 1034 1965 1794">
    <p class='ocr_par' dir='ltr' id='par_1_1' title="bbox 182 1034 1965 1794">
     <span class='ocr_line' id='line_1_1' title="bbox 311 1034 1962 1081; baseline -0.001 -10"><span class='ocrx_word' id='word_1_1' title='bbox 311 1038 389 1072; x_wconf 74' lang='lat' dir='ltr'>Hoc</span> <span class='ocrx_word' id='word_1_2' title='bbox 416 1037 537 1071; x_wconf 85' lang='lat' dir='ltr'>indice</span> <span class='ocrx_word' id='word_1_3' title='bbox 565 1038 749 1081; x_wconf 73' lang='lat' dir='ltr'><strong>quotquot</strong></span> <span class='ocrx_word' id='word_1_4' title='bbox 773 1035 1063 1081; x_wconf 68' lang='lat' dir='ltr'>anglosaxonica</span> <span class='ocrx_word' id='word_1_5' title='bbox 1082 1035 1211 1070; x_wconf 88' lang='lat' dir='ltr'>insunt</span> <span class='ocrx_word' id='word_1_6' title='bbox 1229 1034 1420 1080; x_wconf 79' lang='lat' dir='ltr'>glossariis</span> <span class='ocrx_word' id='word_1_7' title='bbox 1441 1035 1556 1070; x_wconf 75' lang='lat' dir='ltr'>verba</span> <span class='ocrx_word' id='word_1_8' title='bbox 1576 1035 1703 1070; x_wconf 82' lang='lat' dir='ltr'>ordine</span> <span class='ocrx_word' id='word_1_9' title='bbox 1725 1035 1962 1080; x_wconf 85' lang='lat' dir='ltr'>alphabetico</span> 
     </span>
     <span class='ocr_line' id='line_1_2' title="bbox 193 1094 1962 1140; baseline -0.001 -8"><span class='ocrx_word' id='word_1_10' title='bbox 193 1098 396 1140; x_wconf 83' lang='lat' dir='ltr'>eademque</span> <span class='ocrx_word' id='word_1_11' title='bbox 421 1096 559 1131; x_wconf 78' lang='lat' dir='ltr'>flexura</span> <span class='ocrx_word' id='word_1_12' title='bbox 578 1096 782 1140; x_wconf 82' lang='lat' dir='ltr'>formaque,</span> <span class='ocrx_word' id='word_1_13' title='bbox 803 1107 877 1140; x_wconf 80' lang='lat' dir='ltr'>qua</span> <span class='ocrx_word' id='word_1_14' title='bbox 897 1095 1039 1129; x_wconf 81' lang='lat' dir='ltr'>tradita</span> <span class='ocrx_word' id='word_1_15' title='bbox 1059 1096 1145 1129; x_wconf 87' lang='lat' dir='ltr'>sunt</span> <span class='ocrx_word' id='word_1_16' title='bbox 1165 1094 1241 1129; x_wconf 89' lang='lat' dir='ltr'>sive</span> <span class='ocrx_word' id='word_1_17' title='bbox 1262 1096 1361 1129; x_wconf 84' lang='lat' dir='ltr'>recte</span> <span class='ocrx_word' id='word_1_18' title='bbox 1382 1094 1459 1129; x_wconf 87' lang='lat' dir='ltr'>sive</span> <span class='ocrx_word' id='word_1_19' title='bbox 1473 1105 1680 1139; x_wconf 74' lang='lat' dir='ltr'>perperam,</span> <span class='ocrx_word' id='word_1_20' title='bbox 1701 1097 1962 1130; x_wconf 74' lang='lat' dir='ltr'>enumerantur</span> 
     </span>
     <span class='ocr_line' id='line_1_3' title="bbox 197 1153 1964 1201; baseline -0.001 -10"><span class='ocrx_word' id='word_1_21' title='bbox 197 1156 326 1191; x_wconf 81' lang='lat' dir='ltr'>addito</span> <span class='ocrx_word' id='word_1_22' title='bbox 352 1156 682 1201; x_wconf 81' lang='lat' dir='ltr'>interpretamento</span> <span class='ocrx_word' id='word_1_23' title='bbox 710 1154 838 1197; x_wconf 80' lang='lat' dir='ltr'>latino,</span> <span class='ocrx_word' id='word_1_24' title='bbox 866 1166 938 1198; x_wconf 83' lang='lat' dir='ltr'>quo</span> <span class='ocrx_word' id='word_1_25' title='bbox 966 1154 1013 1188; x_wconf 87' lang='lat' dir='ltr'>ad</span> <span class='ocrx_word' id='word_1_26' title='bbox 1034 1154 1263 1188; x_wconf 87' lang='lat' dir='ltr'>Thesaurum</span> <span class='ocrx_word' id='word_1_27' title='bbox 1289 1153 1497 1199; x_wconf 82' lang='lat' dir='ltr'>glossarum</span> <span class='ocrx_word' id='word_1_28' title='bbox 1519 1154 1799 1188; x_wconf 84' lang='lat' dir='ltr'>emendatarum</span> <span class='ocrx_word' id='word_1_29' title='bbox 1819 1154 1964 1200; x_wconf 86' lang='lat' dir='ltr'>(vol.VI</span> 
     </span>
     <span class='ocr_line' id='line_1_4' title="bbox 195 1213 1964 1260; baseline -0.001 -10"><span class='ocrx_word' id='word_1_30' title='bbox 195 1219 231 1250; x_wconf 83' lang='lat' dir='ltr'>et</span> <span class='ocrx_word' id='word_1_31' title='bbox 251 1216 317 1250; x_wconf 84' lang='lat' dir='ltr'>VH</span> <span class='ocrx_word' id='word_1_32' title='bbox 344 1229 377 1260; x_wconf 82' lang='lat' dir='ltr'>p.</span> <span class='ocrx_word' id='word_1_33' title='bbox 402 1216 553 1260; x_wconf 73' lang='lat'>1—438)</span> <span class='ocrx_word' id='word_1_34' title='bbox 579 1214 744 1259; x_wconf 81' lang='lat' dir='ltr'>legentes</span> <span class='ocrx_word' id='word_1_35' title='bbox 771 1216 1001 1256; x_wconf 71' lang='lat' dir='ltr'>revocantur,</span> <span class='ocrx_word' id='word_1_36' title='bbox 1028 1214 1082 1248; x_wconf 88' lang='lat' dir='ltr'>ita</span> <span class='ocrx_word' id='word_1_37' title='bbox 1108 1216 1160 1257; x_wconf 85' lang='lat' dir='ltr'>ut,</span> <span class='ocrx_word' id='word_1_38' title='bbox 1186 1213 1412 1257; x_wconf 82' lang='lat' dir='ltr'>ubicumque</span> <span class='ocrx_word' id='word_1_39' title='bbox 1437 1213 1573 1248; x_wconf 88' lang='lat' dir='ltr'>lemma</span> <span class='ocrx_word' id='word_1_40' title='bbox 1600 1213 1758 1248; x_wconf 89' lang='lat' dir='ltr'>latinum</span> <span class='ocrx_word' id='word_1_41' title='bbox 1784 1214 1964 1249; x_wconf 82' lang='lat' dir='ltr'>Thesauri</span> 
     </span>
     <span class='ocr_line' id='line_1_5' title="bbox 193 1272 1963 1320; baseline -0.001 -10"><span class='ocrx_word' id='word_1_42' title='bbox 193 1288 265 1310; x_wconf 86' lang='lat' dir='ltr'>non</span> <span class='ocrx_word' id='word_1_43' title='bbox 292 1275 402 1320; x_wconf 83' lang='lat' dir='ltr'>plane</span> <span class='ocrx_word' id='word_1_44' title='bbox 426 1274 636 1319; x_wconf 71' lang='lat' dir='ltr'>respondet,</span> <span class='ocrx_word' id='word_1_45' title='bbox 662 1274 701 1308; x_wconf 88' lang='lat' dir='ltr'>in</span> <span class='ocrx_word' id='word_1_46' title='bbox 720 1273 818 1308; x_wconf 83' lang='lat' dir='ltr'>hune</span> <span class='ocrx_word' id='word_1_47' title='bbox 838 1274 987 1307; x_wconf 82' lang='lat' dir='ltr'>moduni</span> <span class='ocrx_word' id='word_1_48' title='bbox 1008 1273 1209 1308; x_wconf 84' lang='lat' dir='ltr'>indicetur:</span> <span class='ocrx_word' id='word_1_49' title='bbox 1241 1274 1516 1308; x_wconf 81' lang='lat' dir='ltr'>‘achlocadum</span> <span class='ocrx_word' id='word_1_50' title='bbox 1541 1272 1682 1307; x_wconf 84' lang='lat' dir='ltr'>effossis</span> <span class='ocrx_word' id='word_1_51' title='bbox 1702 1284 1728 1308; x_wconf 80' lang='grc'>3.</span> <span class='ocrx_word' id='word_1_52' title='bbox 1749 1285 1780 1308; x_wconf 76' lang='grc' dir='ltr'>υ.</span> <span class='ocrx_word' id='word_1_53' title='bbox 1803 1272 1963 1318; x_wconf 87' lang='lat' dir='ltr'>effossa&#39;‚</span> 
     </span>
     <span class='ocr_line' id='line_1_6' title="bbox 194 1332 1964 1378; baseline -0.001 -10"><span class='ocrx_word' id='word_1_54' title='bbox 194 1337 235 1369; x_wconf 88' lang='lat' dir='ltr'>ut</span> <span class='ocrx_word' id='word_1_55' title='bbox 266 1334 333 1368; x_wconf 86' lang='lat' dir='ltr'>sub</span> <span class='ocrx_word' id='word_1_56' title='bbox 360 1334 534 1369; x_wconf 87' lang='lat' dir='ltr'>lemmate</span> <span class='ocrx_word' id='word_1_57' title='bbox 569 1333 731 1367; x_wconf 83' lang='lat' dir='ltr'>‘effossa’</span> <span class='ocrx_word' id='word_1_58' title='bbox 765 1332 891 1378; x_wconf 81' lang='lat' dir='ltr'>glossa</span> <span class='ocrx_word' id='word_1_59' title='bbox 916 1332 1137 1367; x_wconf 86' lang='lat' dir='ltr'>inveniatur.</span> <span class='ocrx_word' id='word_1_60' title='bbox 1188 1332 1364 1367; x_wconf 80' lang='lat' dir='ltr'>Codicum</span> <span class='ocrx_word' id='word_1_61' title='bbox 1392 1332 1621 1367; x_wconf 85' lang='lat' dir='ltr'>differentias</span> <span class='ocrx_word' id='word_1_62' title='bbox 1648 1343 1773 1366; x_wconf 88' lang='lat' dir='ltr'>omnes</span> <span class='ocrx_word' id='word_1_63' title='bbox 1799 1332 1964 1367; x_wconf 87' lang='lat' dir='ltr'>indicavi</span> 
     </span>
     <span class='ocr_line' id='line_1_7' title="bbox 195 1390 1963 1436; baseline -0.001 -9"><span class='ocrx_word' id='word_1_64' title='bbox 195 1393 396 1428; x_wconf 82' lang='lat' dir='ltr'>secundum</span> <span class='ocrx_word' id='word_1_65' title='bbox 435 1392 654 1436; x_wconf 85' lang='lat' dir='ltr'>editionem,</span> <span class='ocrx_word' id='word_1_66' title='bbox 694 1394 826 1426; x_wconf 84' lang='lat' dir='ltr'>notans</span> <span class='ocrx_word' id='word_1_67' title='bbox 864 1392 1009 1426; x_wconf 81' lang='lat' dir='ltr'>codices</span> <span class='ocrx_word' id='word_1_68' title='bbox 1044 1391 1305 1436; x_wconf 85' lang='lat' dir='ltr'>Epinalensem</span> <span class='ocrx_word' id='word_1_69' title='bbox 1332 1391 1377 1434; x_wconf 74' lang='lat' dir='ltr'>E,</span> <span class='ocrx_word' id='word_1_70' title='bbox 1417 1391 1706 1436; x_wconf 86' lang='lat' dir='ltr'>Amplonianum</span> <span class='ocrx_word' id='word_1_71' title='bbox 1737 1390 1896 1436; x_wconf 86' lang='lat' dir='ltr'>primum</span> <span class='ocrx_word' id='word_1_72' title='bbox 1921 1392 1963 1436; x_wconf 87' lang='lat' dir='ltr'>A,</span> 
     </span>
     <span class='ocr_line' id='line_1_8' title="bbox 194 1449 1964 1497; baseline -0.001 -10"><span class='ocrx_word' id='word_1_73' title='bbox 194 1453 414 1487; x_wconf 83' lang='lat' dir='ltr'>Leidensem</span> <span class='ocrx_word' id='word_1_74' title='bbox 434 1452 537 1487; x_wconf 75' lang='lat' dir='ltr'>Voss</span> <span class='ocrx_word' id='word_1_75' title='bbox 555 1452 583 1493; x_wconf 84' lang='lat' dir='ltr'><strong>Q</strong></span> <span class='ocrx_word' id='word_1_76' title='bbox 606 1455 649 1486; x_wconf 85' lang='grc'>69</span> <span class='ocrx_word' id='word_1_77' title='bbox 670 1452 708 1495; x_wconf 93' lang='lat' dir='ltr'>L,</span> <span class='ocrx_word' id='word_1_78' title='bbox 730 1451 1060 1497; x_wconf 82' lang='lat' dir='ltr'>Cantabrigensem</span> <span class='ocrx_word' id='word_1_79' title='bbox 1076 1451 1231 1497; x_wconf 85' lang='lat' dir='ltr'>Collegii</span> <span class='ocrx_word' id='word_1_80' title='bbox 1247 1450 1350 1496; x_wconf 85' lang='lat' dir='ltr'>Corp.</span> <span class='ocrx_word' id='word_1_81' title='bbox 1367 1450 1448 1486; x_wconf 85' lang='lat' dir='ltr'>Chr.</span> <span class='ocrx_word' id='word_1_82' title='bbox 1466 1455 1531 1485; x_wconf 73' lang='lat'>144</span> <span class='ocrx_word' id='word_1_83' title='bbox 1547 1449 1582 1486; x_wconf 81' lang='lat' dir='ltr'>C.</span> <span class='ocrx_word' id='word_1_84' title='bbox 1622 1450 1799 1495; x_wconf 86' lang='lat' dir='ltr'>Reliquos</span> <span class='ocrx_word' id='word_1_85' title='bbox 1820 1450 1964 1486; x_wconf 78' lang='lat' dir='ltr'>codices</span> 
     </span>
     <span class='ocr_line' id='line_1_9' title="bbox 198 1509 1963 1557; baseline -0.001 -11"><span class='ocrx_word' id='word_1_86' title='bbox 198 1514 235 1547; x_wconf 84' lang='lat' dir='ltr'>et</span> <span class='ocrx_word' id='word_1_87' title='bbox 260 1512 471 1557; x_wconf 81' lang='lat' dir='ltr'>fragmenta</span> <span class='ocrx_word' id='word_1_88' title='bbox 498 1511 667 1545; x_wconf 87' lang='lat' dir='ltr'>codicum</span> <span class='ocrx_word' id='word_1_89' title='bbox 693 1510 798 1555; x_wconf 83' lang='lat' dir='ltr'>siglis</span> <span class='ocrx_word' id='word_1_90' title='bbox 825 1511 1054 1555; x_wconf 83' lang='lat' dir='ltr'>distinguere</span> <span class='ocrx_word' id='word_1_91' title='bbox 1082 1510 1283 1555; x_wconf 80' lang='lat' dir='ltr'>supersedi,</span> <span class='ocrx_word' id='word_1_92' title='bbox 1310 1522 1391 1544; x_wconf 78' lang='lat' dir='ltr'>eum</span> <span class='ocrx_word' id='word_1_93' title='bbox 1413 1509 1572 1545; x_wconf 83' lang='lat' dir='ltr'>facultas</span> <span class='ocrx_word' id='word_1_94' title='bbox 1592 1510 1709 1545; x_wconf 88' lang='lat' dir='ltr'>rarior</span> <span class='ocrx_word' id='word_1_95' title='bbox 1729 1512 1826 1544; x_wconf 79' lang='lat' dir='ltr'>esset</span> <span class='ocrx_word' id='word_1_96' title='bbox 1844 1510 1963 1545; x_wconf 85' lang='lat' dir='ltr'>varias</span> 
     </span>
     <span class='ocr_line' id='line_1_10' title="bbox 197 1569 1963 1613; baseline -0.001 -7"><span class='ocrx_word' id='word_1_97' title='bbox 197 1571 374 1606; x_wconf 84' lang='lat' dir='ltr'>lectiones</span> <span class='ocrx_word' id='word_1_98' title='bbox 402 1570 590 1605; x_wconf 82' lang='lat' dir='ltr'>enotandi.</span> <span class='ocrx_word' id='word_1_99' title='bbox 638 1572 738 1612; x_wconf 75' lang='lat' dir='ltr'>Quae</span> <span class='ocrx_word' id='word_1_100' title='bbox 764 1570 801 1604; x_wconf 88' lang='lat' dir='ltr'>in</span> <span class='ocrx_word' id='word_1_101' title='bbox 829 1570 992 1605; x_wconf 85' lang='lat' dir='ltr'>editione</span> <span class='ocrx_word' id='word_1_102' title='bbox 1019 1572 1084 1604; x_wconf 85' lang='lat' dir='ltr'>aut</span> <span class='ocrx_word' id='word_1_103' title='bbox 1110 1569 1147 1603; x_wconf 92' lang='lat' dir='ltr'>in</span> <span class='ocrx_word' id='word_1_104' title='bbox 1168 1570 1355 1604; x_wconf 83' lang='lat' dir='ltr'>Thesauro</span> <span class='ocrx_word' id='word_1_105' title='bbox 1376 1581 1496 1605; x_wconf 90' lang='lat' dir='ltr'>errore</span> <span class='ocrx_word' id='word_1_106' title='bbox 1518 1569 1653 1604; x_wconf 84' lang='lat' dir='ltr'>omissa</span> <span class='ocrx_word' id='word_1_107' title='bbox 1673 1571 1790 1613; x_wconf 85' lang='lat' dir='ltr'>erant,</span> <span class='ocrx_word' id='word_1_108' title='bbox 1815 1569 1963 1605; x_wconf 77' lang='lat' dir='ltr'>retraxi.</span> 
     </span>
     <span class='ocr_line' id='line_1_11' title="bbox 196 1628 1965 1680; baseline -0.001 -15"><span class='ocrx_word' id='word_1_109' title='bbox 196 1631 249 1665; x_wconf 83' lang='lat' dir='ltr'>De</span> <span class='ocrx_word' id='word_1_110' title='bbox 285 1630 412 1665; x_wconf 88' lang='lat' dir='ltr'>ordine</span> <span class='ocrx_word' id='word_1_111' title='bbox 447 1629 684 1675; x_wconf 76' lang='lat' dir='ltr'>alphabetico</span> <span class='ocrx_word' id='word_1_112' title='bbox 717 1640 738 1674; x_wconf 68' lang='lat' dir='ltr'>e</span> <span class='ocrx_word' id='word_1_113' title='bbox 770 1629 908 1674; x_wconf 85' lang='lat' dir='ltr'>ubique</span> <span class='ocrx_word' id='word_1_114' title='bbox 941 1629 1095 1680; x_wconf 71' lang='lat' dir='ltr'>retinui,</span> <span class='ocrx_word' id='word_1_115' title='bbox 1135 1629 1198 1664; x_wconf 91' lang='lat' dir='ltr'>sed</span> <span class='ocrx_word' id='word_1_116' title='bbox 1231 1629 1359 1664; x_wconf 89' lang='lat' dir='ltr'>eodem</span> <span class='ocrx_word' id='word_1_117' title='bbox 1392 1630 1511 1675; x_wconf 83' lang='lat' dir='ltr'>gradu</span> <span class='ocrx_word' id='word_1_118' title='bbox 1544 1631 1654 1673; x_wconf 83' lang='lat' dir='ltr'>atque</span> <span class='ocrx_word' id='word_1_119' title='bbox 1687 1640 1708 1664; x_wconf 87' lang='lat' dir='ltr'>e</span> <span class='ocrx_word' id='word_1_120' title='bbox 1738 1628 1855 1674; x_wconf 86' lang='lat' dir='ltr'>posui.</span> <span class='ocrx_word' id='word_1_121' title='bbox 1911 1628 1965 1663; x_wconf 88' lang='lat' dir='ltr'>De</span> 
     </span>
     <span class='ocr_line' id='line_1_12' title="bbox 197 1687 1965 1735; baseline -0.001 -12"><span class='ocrx_word' id='word_1_122' title='bbox 197 1689 340 1734; x_wconf 85' lang='lat' dir='ltr'>reliquo</span> <span class='ocrx_word' id='word_1_123' title='bbox 374 1689 485 1735; x_wconf 87' lang='lat' dir='ltr'>periti</span> <span class='ocrx_word' id='word_1_124' title='bbox 517 1689 668 1734; x_wconf 84' lang='lat' dir='ltr'>linguae</span> <span class='ocrx_word' id='word_1_125' title='bbox 702 1689 898 1724; x_wconf 76' lang='lat' dir='ltr'>saxonicae</span> <span class='ocrx_word' id='word_1_126' title='bbox 928 1689 1037 1723; x_wconf 81' lang='lat' dir='ltr'>facile</span> <span class='ocrx_word' id='word_1_127' title='bbox 1064 1691 1237 1724; x_wconf 84' lang='lat' dir='ltr'>naturam</span> <span class='ocrx_word' id='word_1_128' title='bbox 1264 1691 1375 1732; x_wconf 84' lang='lat' dir='ltr'>atque</span> <span class='ocrx_word' id='word_1_129' title='bbox 1402 1688 1564 1723; x_wconf 85' lang='lat' dir='ltr'>indolem</span> <span class='ocrx_word' id='word_1_130' title='bbox 1590 1688 1699 1723; x_wconf 83' lang='lat' dir='ltr'>huius</span> <span class='ocrx_word' id='word_1_131' title='bbox 1725 1687 1858 1723; x_wconf 79' lang='lat' dir='ltr'>indicis</span> <span class='ocrx_word' id='word_1_132' title='bbox 1884 1700 1965 1733; x_wconf 86' lang='lat' dir='ltr'>per-</span> 
     </span>
     <span class='ocr_line' id='line_1_13' title="bbox 182 1747 1546 1794; baseline 0.001 -13"><span class='ocrx_word' id='word_1_133' title='bbox 182 1749 364 1794; x_wconf 65' lang='lat' dir='ltr'>spicient.</span> <span class='ocrx_word' id='word_1_134' title='bbox 417 1750 587 1784; x_wconf 82' lang='lat' dir='ltr'>Ceterum</span> <span class='ocrx_word' id='word_1_135' title='bbox 615 1749 696 1784; x_wconf 79' lang='lat' dir='ltr'>vide</span> <span class='ocrx_word' id='word_1_136' title='bbox 724 1748 838 1784; x_wconf 83' lang='lat' dir='ltr'>etiam</span> <span class='ocrx_word' id='word_1_137' title='bbox 866 1748 1093 1794; x_wconf 80' lang='lat' dir='ltr'>‘Epilogum’</span> <span class='ocrx_word' id='word_1_138' title='bbox 1123 1748 1160 1782; x_wconf 91' lang='lat' dir='ltr'>in</span> <span class='ocrx_word' id='word_1_139' title='bbox 1188 1748 1288 1783; x_wconf 77' lang='lat' dir='ltr'>calce</span> <span class='ocrx_word' id='word_1_140' title='bbox 1314 1747 1423 1782; x_wconf 83' lang='lat' dir='ltr'>huius</span> <span class='ocrx_word' id='word_1_141' title='bbox 1450 1747 1546 1783; x_wconf 87' lang='lat' dir='ltr'>libri.</span> 
     </span>
    </p>
   </div>
   <div class='ocr_carea' id='block_1_2' title="bbox 2102 0 2154 1673">
    <p class='ocr_par' dir='ltr' id='par_1_2' title="bbox 2102 0 2154 1673">
     <span class='ocr_line' id='line_1_14' title="bbox 2102 0 2154 1673; baseline 0 0"><span class='ocrx_word' id='word_1_142' title='bbox 2102 0 2154 1673; x_wconf 95' lang='lat' dir='ltr'> </span> 
     </span>
    </p>
   </div>
  </div>
 </body>
</html>
